@book{rustbook,
  author    = {Klabnik, Steve and Nichols, Carol},
  title     = {The Rust Programming Language},
  year      = {2019},
  publisher = {No strach press}
}

@misc{rustbyexample,
  author = {TheRustCommunity},
  title  = {Rust by example},
  editor = {Klabnik, Steve and Severen Redwood},
  year   = {2021},
  url    = {https://doc.rust-lang.org/rust-by-example/scope/lifetime.html}
}

@misc{rustonomicon,
  title  = {The Rustonomicon: The dark arts of advanced and unsafe Rust programming},
  author = {Beingessner, Alexis and Klabnik, Steve},
  year   = {2016},
  url    = {https://doc.rust-lang.org/nomicon/}
}

@misc{learningwithlists,
  title  = {Learning Rust With Entirely Too Many Linked Lists},
  author = {Aria Beingessner},
  url    = {https://rust-unofficial.github.io/too-many-lists/index.html},
  year   = {2021}
}

@inproceedings{li2021mirchecker,
  title     = {MirChecker: detecting bugs in Rust programs via static analysis},
  author    = {Li, Zhuohua and Wang, Jincheng and Sun, Mingshen and Lui, John CS},
  booktitle = {Proceedings of the 2021 ACM SIGSAC Conference on Computer and Communications Security},
  pages     = {2183--2196},
  year      = {2021}
}

@misc{pointeranalysis,
  title        = {Pointer analysis},
  author       = {Jonahtan Aldrich},
  year         = {2017},
  url          = {https://www.cs.cmu.edu/~aldrich/courses/15-819O-13sp/resources/pointer.pdf},
}

@article{astrauskas2020programmers,
  title     = {How do programmers use unsafe rust?},
  author    = {Astrauskas, Vytautas and Matheja, Christoph and Poli, Federico and M{\"u}ller, Peter and Summers, Alexander J},
  journal   = {Proceedings of the ACM on Programming Languages},
  volume    = {4},
  number    = {OOPSLA},
  pages     = {1--27},
  year      = {2020},
  publisher = {ACM New York, NY, USA}
}

@booklet{rustcdevelopment,
  author       = {M, Mark},
  title        = {Guide to Rustc development},
  year         = {2022},
  howpublished = {Distribuido en https://rustc-dev-guide.rust-lang.org/}
}

@book{ingienieriasoftware,
  author    = {Presman, Roger},
  title     = {Ingeniería del software: un enfoque práctico},
  year      = {1997},
  publisher = {McGRAW-HILL},
  edition   = {7}
}

@inproceedings{rudra,
  author    = {Yechan and Youngsuk},
  title     = {RUDRA: Finding Memory Safety Bugs in Rust at the Ecosystem Scale},
  booktitle = {SOSP '21: Proceedings of the ACM SIGOPS 28th Symposium on Operating Systems Principles},
  year      = {2021},
  month     = {october},
  publisher = {ACM},
  address   = {New York, NY}
}

@article{stackedborrows,
  author  = {Jung, Ralf},
  title   = {Stacked Borrows: An Aliasing Model for Rust},
  year    = {2020},
  month   = {january},
  journal = {Proceedings of the ACM on Programming Languages},
  volume  = {4},
  number  = {41}
}

@mastersthesis{miri,
  author = {Olson, Scott},
  title  = {Miri: An interpreter for Rust's mid-level intermediate representation},
  school = {University of Saskatchewan},
  year   = {2016}
}

@article{interprocedural,
  author  = {Hind, Michael and Burke, Michael},
  title   = {Interprocedural Pointer Alias Analysis},
  year    = {1999},
  month   = {july},
  journal = {Proceedings of the ACM on Programming Languages},
  volume  = {21},
  number  = {4},
  pages   = {848-894}
}

@inproceedings{fastaliasinganalisis,
  author    = {Shapiro, Marc and Horwitz, Susan},
  title     = {Fast and Accurate Flow Insensitive Points To Analysis},
  booktitle = {POPL '97: Proceedings of the 24th ACM SIGPLAN-SIGACT symposium on Principles of programming languages},
  year      = {1997},
  month     = {january},
  publisher = {ACM},
  address   = {New York, NY}
}
